<record><leader>00000cas a2200000 a 4500</leader><controlfield tag="001">33151968</controlfield><controlfield tag="007">hd bfu---baat</controlfield><controlfield tag="007">hd afu---bact</controlfield><controlfield tag="008">950919d19321936nbuwr nea     0    0eng d</controlfield><datafield ind1=" " ind2=" " tag="010"><subfield code="a">sn 95073025 </subfield></datafield><datafield ind1=" " ind2=" " tag="040"><subfield code="a">NVG</subfield><subfield code="b">eng</subfield><subfield code="c">NVG</subfield><subfield code="d">OCL</subfield><subfield code="d">OCLCQ</subfield><subfield code="d">OCLCF</subfield><subfield code="d">OCLCO</subfield></datafield><datafield ind1="1" ind2=" " tag="029"><subfield code="a">AU@</subfield><subfield code="b">000011994426</subfield></datafield><datafield ind1=" " ind2=" " tag="042"><subfield code="a">msc</subfield></datafield><datafield ind1=" " ind2=" " tag="043"><subfield code="a">n-us-nb</subfield></datafield><datafield ind1="0" ind2=" " tag="130"><subfield code="a">Progress (Culbertson, Neb. : 1932)</subfield></datafield><datafield ind1="1" ind2="4" tag="245"><subfield code="a">The progress</subfield><subfield code="h">[microform].</subfield></datafield><datafield ind1="1" ind2="7" tag="246"><subfield code="a">Culbertson progress</subfield><subfield code="f">Feb. 25-Mar. 24, 1932</subfield></datafield><datafield ind1=" " ind2=" " tag="260"><subfield code="a">Culbertson, Hitchcock County, Neb. :</subfield><subfield code="b">O.L. Hunsaker,</subfield><subfield code="c">1932-1936.</subfield></datafield><datafield ind1=" " ind2=" " tag="300"><subfield code="a">v.</subfield></datafield><datafield ind1=" " ind2=" " tag="310"><subfield code="a">Weekly</subfield></datafield><datafield ind1="0" ind2=" " tag="362"><subfield code="a">Vol. 12, no. 37 (Feb. 25, 1932)-v. 16, no. 41 (May 14, 1936).</subfield></datafield><datafield ind1=" " ind2=" " tag="533"><subfield code="a">Microfilm.</subfield><subfield code="m">Feb. 25,1932-May 14,1936.</subfield><subfield code="b">Lincoln, Neb. :</subfield><subfield code="c">Nebraska State Historical Society.</subfield><subfield code="e">2 microfilm reels ; 35 mm.</subfield></datafield><datafield ind1=" " ind2="0" tag="651"><subfield code="a">Culbertson (Neb.)</subfield><subfield code="v">Newspapers.</subfield></datafield><datafield ind1=" " ind2="0" tag="651"><subfield code="a">Hitchcock County (Neb.)</subfield><subfield code="v">Newspapers.</subfield></datafield><datafield ind1=" " ind2="7" tag="655"><subfield code="a">Newspapers.</subfield><subfield code="2">fast</subfield><subfield code="0">(OCoLC)fst01423814</subfield></datafield><datafield ind1=" " ind2="7" tag="651"><subfield code="a">Nebraska</subfield><subfield code="z">Culbertson.</subfield><subfield code="2">fast</subfield><subfield code="0">(OCoLC)fst01276224</subfield></datafield><datafield ind1=" " ind2="7" tag="651"><subfield code="a">Nebraska</subfield><subfield code="z">Hitchcock County.</subfield><subfield code="2">fast</subfield><subfield code="0">(OCoLC)fst01265377</subfield></datafield><datafield ind1=" " ind2=" " tag="752"><subfield code="a">United States</subfield><subfield code="b">Nebraska</subfield><subfield code="c">Hitchcock</subfield><subfield code="d">Culbertson.</subfield></datafield><datafield ind1="0" ind2="0" tag="780"><subfield code="t">Progress of Southwest Nebraska</subfield><subfield code="w">(DLC)sn 95073023</subfield></datafield><datafield ind1="0" ind2="0" tag="785"><subfield code="t">Culbertson progress (Culbertson, Neb.)</subfield><subfield code="w">(DLC)sn 95073024</subfield></datafield></record>